@article{Erdos65,
	title = {Some very hard sums},
	journal = {Difficult Maths Today},
	author = {Paul Erd\H{o}s and Arend Heyting and Luitzen Egbertus Brouwer},
	year = {1930},
	pages = {30}
}