@article{0004-637X-787-2-167,
  author={C.-Y. Ng and J. Takata and G. C. K. Leung and K. S. Cheng and P. Philippopoulos},
  title={High-energy Emission of the First Millisecond Pulsar},
  journal={\textup{The Astrophysical Journal}},
  volume={787},
  pages={167},
  year={2014},
}


@article{Tong2015,
  author={Tong, Hao},
  title={Pulsar braking: magnetodipole vs. wind},
  journal={\textup{Science China Physics, Mechanics Astronomy}},
  volume={59},
  pages={619501},
  year={2015},
}

@article{PhysRevD.91.063007,
  title = {Braking index of isolated pulsars},
  author = {Hamil, O. and Stone, J. R. and Urbanec, M. and Urbancov\'a, G.},
  journal = {\textup{Phys. Rev. D}},
  volume = {91},
  numpages = {9},
  year = {2015},
  publisher = {American Physical Society},
}


@article{Sturrock:1971zc,
      author         = {Sturrock, P. A.},
      title          = {A Model of pulsars},
      journal        = {\textup{Astrophys. J.}},
      volume         = {164},
      year           = {1971},
      pages          = {529},
}

@article{0004-637X-603-1-283,
  author={Zakir F. Seidov},
  title={The Roche Problem: Some Analytics},
  journal={\textup{The Astrophysical Journal}},
  volume={603},
  pages={283},
  year={2004},
}


@article{0004-637X-744-1-33,
  author={L. Guillemot and T. J. Johnson and C. Venter and M. Kerr and B. Pancrazi and M. Livingstone and G. H. Janssen and P.
Jaroenjittichai and M. Kramer and I. Cognard and B. W. Stappers and A. K. Harding and F. Camilo and C. M. Espinoza and P. C. C.
Freire and F. Gargano and J. E. Grove and S. Johnston and P. F. Michelson and A. Noutsos and D. Parent and S. M. Ransom and P. S.
Ray and R. Shannon and D. A. Smith and G. Theureau and S. E. Thorsett and N. Webb},
  title={Pulsed Gamma Rays from the Original Millisecond and Black Widow Pulsars: A Case for Caustic Radio Emission?},
  journal={\textup{The Astrophysical Journal}},
  volume={744},
  pages={33},
  year={2012},
}

	
@article{0067-0049-208-2-17,
  author={A. A. Abdo and M. Ajello and A. Allafort and L. Baldini and J. Ballet and G. Barbiellini and M. G. Baring and D. Bastieri and A.
Belfiore and R. Bellazzini and B. Bhattacharyya and E. Bissaldi and E. D. Bloom and E. Bonamente and E. Bottacini and T. J.
Brandt and J. Bregeon and M. Brigida and P. Bruel and R. Buehler and M. Burgay and T. H. Burnett and G. Busetto and S. Buson and G. A.
Caliandro and R. A. Cameron and F. Camilo and P. A. Caraveo and J. M. Casandjian and C. Cecchi and Ö. Çelik and E. Charles and S.
Chaty and R. C. G. Chaves and A. Chekhtman and A. W. Chen and J. Chiang and G. Chiaro and S. Ciprini and R. Claus and I. Cognard and J.
Cohen-Tanugi and L. R. Cominsky and J. Conrad and S. Cutini and F. D'Ammando and A. de Angelis and M. E. DeCesar and A. De
Luca and P. R. den Hartog and F. de Palma and C. D. Dermer and G. Desvignes and S. W. Digel and L. Di Venere and P. S. Drell and A.
Drlica-Wagner and R. Dubois and D. Dumora and C. M. Espinoza and L. Falletti and C. Favuzzi and E. C. Ferrara and W. B. Focke and A.
Franckowiak and P. C. C. Freire and S. Funk and P. Fusco and F. Gargano and D. Gasparrini and S. Germani and N. Giglietto and P.
Giommi and F. Giordano and M. Giroletti and T. Glanzman and G. Godfrey and E. V. Gotthelf and I. A. Grenier and M.-H. Grondin and J.
E. Grove and L. Guillemot and S. Guiriec and D. Hadasch and Y. Hanabata and A. K. Harding and M. Hayashida and E. Hays and J.
Hessels and J. Hewitt and A. B. Hill and D. Horan and X. Hou and R. E. Hughes and M. S. Jackson and G. H. Janssen and T. Jogler and G.
Jóhannesson and R. P. Johnson and A. S. Johnson and T. J. Johnson and W. N. Johnson and S. Johnston and T. Kamae and J.
Kataoka and M. Keith and M. Kerr and J. Knödlseder and M. Kramer and M. Kuss and J. Lande and S. Larsson and L. Latronico and M.
Lemoine-Goumard and F. Longo and F. Loparco and M. N. Lovellette and P. Lubrano and A. G. Lyne and R. N. Manchester and M.
Marelli and F. Massaro and M. Mayer and M. N. Mazziotta and J. E. McEnery and M. A. McLaughlin and J. Mehault and P. F.
Michelson and R. P. Mignani and W. Mitthumsiri and T. Mizuno and A. A. Moiseev and M. E. Monzani and A. Morselli and I. V.
Moskalenko and S. Murgia and T. Nakamori and R. Nemmen and E. Nuss and M. Ohno and T. Ohsugi and M. Orienti and E. Orlando and J. F.
Ormes and D. Paneque and J. H. Panetta and D. Parent and J. S. Perkins and M. Pesce-Rollins and M. Pierbattista and F. Piron and G.
Pivato and H. J. Pletsch and T. A. Porter and A. Possenti and S. Rainò and R. Rando and S. M. Ransom and P. S. Ray and M. Razzano and N.
Rea and A. Reimer and O. Reimer and N. Renault and T. Reposeur and S. Ritz and R. W. Romani and M. Roth and R. Rousseau and J. Roy and J.
Ruan and A. Sartori and P. M. Saz Parkinson and J. D. Scargle and A. Schulz and C. Sgrò and R. Shannon and E. J. Siskind and D. A.
Smith and G. Spandre and P. Spinelli and B. W. Stappers and A. W. Strong and D. J. Suson and H. Takahashi and J. G. Thayer and J. B.
Thayer and G. Theureau and D. J. Thompson and S. E. Thorsett and L. Tibaldo and O. Tibolla and M. Tinivella and D. F. Torres and G.
Tosti and E. Troja and Y. Uchiyama and T. L. Usher and J. Vandenbroucke and V. Vasileiou and C. Venter and G. Vianello and V.
Vitale and N. Wang and P. Weltevrede and B. L. Winer and M. T. Wolff and D. L. Wood and K. S. Wood and M. Wood and Z. Yang},
  title={The Second Fermi Large Area Telescope Catalog of Gamma-Ray Pulsars},
  journal={\textup{The Astrophysical Journal Supplement Series}},
  volume={208},
  pages={17},
  year={2013},
}

@article{0004-637X-720-1-178,
  author={Y. Wang and J. Takata and K. S. Cheng},
  title={Gamma-ray Spectral Properties of Mature Pulsars: A Two-layer Model},
  journal={\textup{The Astrophysical Journal}},
  volume={720},
  pages={178},
  year={2010},
}

@article{0004-637X-845-2-159,
  author={E. V. Gotthelf and S. Bogdanov},
  title={NuSTAR Hard X-Ray Observations of the Energetic Millisecond Pulsars PSR B1821-24, PSR B1937+21, and PSR J0218+4232},
  journal={\textup{The Astrophysical Journal}},
  volume={845},
  pages={159},
  year={2017},
}

@article{doi:10.1111/j.1365-2966.2011.18577.x,
  author = {Wang, Y. and Takata, J. and Cheng, K. S.},
  title = {Three-dimensional two-layer outer gap model: Fermi energy-dependent light curves of the Vela pulsar},
  journal = {\textup{Monthly Notices of the Royal Astronomical Society}},
  volume = {414},
  pages = {2664},
  year = {2011},
}
	

@article{1969ApJ,
   author = {Goldreich, P. and Julian, W.~H.},
    title = {Pulsar Electrodynamics},
  journal = {\textup{The Astrophysical Journal}},
     year = {1969},
   volume = {157},
    pages = {869},
}

@ARTICLE{1986ApJ...300..500C,
   author = {Cheng, K.S. and Ho, C. and Ruderman, M.},
    title = {Energetic radiation from rapidly spinning pulsars. I - Outer magnetosphere gaps. II - VELA and Crab},
  journal = {\textup{The Astrophysical Journal}},
     year = {1986},
   volume = {300},
    pages = {500},
}



@ARTICLE{2013ApJ...778..106J,
   author = {T. J. Johnson and L. Guillemot and M. Kerr. I and Cognard P. S. Ray and M. T. 
    Wolff and G. H. Janssen and 
    R. W. Romani and C. Venter and J. E. Grove and P. C. C. Freire and M. Wood and 
    C. C. Cheung and J. M. Casandjian I. H. Stairs and F. Camilo and C. M. Espinoza and 
    E. C. Ferrara and A. K. Harding and S. Johnston and M. Kramer and A. G. Lyne and 
    P. F. Michelson and S. M. Ransom and R. Shannon and D. A. Smith and B. W. Stappers and 
    G. Theureau and S. E. Thorsett},
    title = {Broadband Pulsations from PSR B1821-24: Implications for Emission Models and the Pulsar Population of M28},
  journal = {\textup{The Astrophysics Journal}},
     year = {2013},
   volume = {778},
    pages = {106},
}


@article{newFermiModel,
  year = {2018},
  author = {J. Ballet, T. H. Burnett, B. Lott and the Fermi-LAT collaboration},
  title = {Fermi-LAT 8-year Source List},
}

@article{Acero:2015hja,
      author         = {Acero, F. and others},
      title          = "{Fermi Large Area Telescope Third Source Catalog}",
      collaboration  = "Fermi-LAT",
      journal        = "\textup{Astrophys. J. Suppl.}",
      volume         = "218",
      year           = "2015",
      pages          = "23",
      primaryClass   = "astro-ph.HE",
}

@article{ATNF,
  author = {R. N. Manchester, G. B. Hobbs, A. Teoh and M. Hobbs, Astronomical Journal},
  title = {\textup{The ATNF Pulsar Catalogue}},
  year={2005},
  journal={\textup{Astronomical Journal}},
  volume={129},
}

@article{J1939_old,
  author={L. Guillemot and T. J. Johnson and C. Venter and M. Kerr and B. Pancrazi and M. Livingstone and G. H. Janssen and P.
Jaroenjittichai and M. Kramer and I. Cognard and B. W. Stappers and A. K. Harding and F. Camilo and C. M. Espinoza and P. C. C.
Freire and F. Gargano and J. E. Grove and S. Johnston and P. F. Michelson and A. Noutsos and D. Parent and S. M. Ransom and P. S.
Ray and R. Shannon and D. A. Smith and G. Theureau and S. E. Thorsett and N. Webb},
  title={Pulsed Gamma Rays from the Original Millisecond and Black Widow Pulsars: A Case for Caustic Radio Emission?},
  journal={\textup{The Astrophysical Journal}},
  volume={744},
  pages={33},
  year={2012},
}


@article{2013ApJS..208...17A,
  author = {Abdo, A. A. and  Ajello, M. and Allafort, A.},
  title = {The Second Fermi Large Area Telescope Catalog of Gamma-Ray Pulsars},
  year = {2013},
  month = {Oct},
  volume = {208},
  pages = {17},
}


@ARTICLE{1982Natur.300..615B,
   author = {Backer, D.C and Kulkarni, Shrinivas R. and Heiles, Carl and Davis, M. M. and 
            Goss, W. M.},
    title = {A millisecond pulsar},
    journal={\textup{Nature}},
     year = {1982},
   volume = {300},
    pages = {615},
}


@article{j1939_pulse_profile,
    author = {Cusumano, G. and W. Hermsen},
    title = {The phase of the radio and X-ray pulses of PSR B1937+21},
    year = {2003},
    volume = {410},
    pages = {9}, 
    journal = {\textup{Astronomy \& Astrophysics}},
}


@article{1538-4357-627-2-L125,
  author={Fredrick A. Jenet and Teviet Creighton and Andrea Lommen},
  title={Pulsar Timing and the Detection of Black Hole Binary Systems in Globular Clusters},
  journal={\textup{The Astrophysical Journal Letters}},
  volume={627},
  pages={125},
  year={2005},
}
	

@article{article,
  author = {Verbunt, F and Kuiper, L and Hermsen, Wim and Ord, S and H. Stairs, I and G. Lyne, A},
  year = {2003},
  pages = {355},
  journal = {\textup{ASP Conference Proceedings}},
  title = {High-energy Observations of PSR J0218+4232},
  volume = {302}
}


@article{2011ApJ...730...81B,
   author = {{Bogdanov}, S. and {van den Berg}, M. and {Servillat}, M. and 
	{Heinke}, C.~O. and {Grindlay}, J.~E. and {Stairs}, I.~H. and 
	{Ransom}, S.~M. and {Freire}, P.~C.~C. and {B{\'e}gin}, S. and 
	{Becker}, W.},
    title = {Chandra X-ray Observations of 12 Millisecond Pulsars in the Globular Cluster M28},
  journal = {\textup{The Astrophysical Journal}},
     year = {2011},
   volume = {730},
    pages = {81},
}


@ARTICLE{2004A&A...417..181W,
   author = {{Webb}, N.~A. and {Olive}, J.-F. and {Barret}, D.},
    title = {XMM-Newton spectral and timing observations of the millisecond pulsar PSR J0218+4232},
  journal = {\textup{Astronomy and Astrophysics}},
     year = 2004,
   volume = 417,
    pages = {181},
}


@ARTICLE{2002ApJ...577..917K,
   author = {{Kuiper}, L. and {Hermsen}, W. and {Verbunt}, F. and {Ord}, S. and 
	{Stairs}, I. and {Lyne}, A.},
    title = {High-Resolution Spatial and Timing Observations of Millisecond Pulsar PSR J0218+4232 with Chandra},
  journal = {\textup{The Astrophysical Journal}},
     year = 2002,
   volume = 577,
    pages = {917},
}


@ARTICLE{2012ApJ...760...92H,
   author={L. Guillemot, T. J. Johnson and C. Venter and M. Kerr and B. Pancrazi and M. Livingstone and G. H. Janssen and P.
Jaroenjittichai and M. Kramer and I. Cognard and B. W. Stappers and A. K. Harding and F. Camilo and C. M. Espinoza and P. C. C.
Freire and F. Gargano and J. E. Grove and S. Johnston and P. F. Michelson and A. Noutsos and D. Parent and S. M. Ransom and P. S.
Ray and R. Shannon and D. A. Smith and G. Theureau and S. E. Thorsett and N. Webb},
  title={Pulsed Gamma Rays from the Original Millisecond and Black Widow Pulsars: A Case for Caustic Radio Emission?},
  journal={\textup{The Astrophysical Journal}},
  volume={744},
  pages={33},
  year={2012},
}

@ARTICLE{2010arXiv1006.0335B,
   author = {{Becker}, W. and {Huang}, H.~H. and {Prinz}, T.},
    title = "{X-ray Counterparts of Millisecond Pulsars in Globular Clusters}",
  archivePrefix = "arXiv",
  eprint = {1006.0335},
  year = 2010,
}

@article{0004-637X-745-1-100,
  author={J. Takata and K. S. Cheng and Ronald E. Taam},
  title={X-Ray and Gamma-Ray Emissions from Rotation Powered Millisecond Pulsars},
  journal={\textup{The Astrophysical Journal}},
  volume={745},
  pages={100},
  year={2012},
}
